<record><leader>00000cas a22000007a 4500</leader><controlfield tag="001">26867960</controlfield><controlfield tag="008">921027d19091917nmuwr ne      0    0eng d</controlfield><datafield ind1=" " ind2=" " tag="010"><subfield code="a">sn 92070572 </subfield></datafield><datafield ind1=" " ind2=" " tag="040"><subfield code="a">NVM</subfield><subfield code="b">eng</subfield><subfield code="c">NVM</subfield><subfield code="d">OCLCQ</subfield></datafield><datafield ind1=" " ind2=" " tag="042"><subfield code="a">msc</subfield></datafield><datafield ind1=" " ind2=" " tag="043"><subfield code="a">n-us-nm</subfield></datafield><datafield ind1="0" ind2=" " tag="130"><subfield code="a">Tularosa Valley tribune (Tularosa, N.M. : 1909)</subfield></datafield><datafield ind1="1" ind2="0" tag="245"><subfield code="a">Tularosa Valley Tribune.</subfield></datafield><datafield ind1=" " ind2=" " tag="260"><subfield code="a">Tularosa, N.M. :</subfield><subfield code="b">William F. Hume and J.E. Anderson</subfield></datafield><datafield ind1=" " ind2=" " tag="300"><subfield code="a">v.</subfield></datafield><datafield ind1=" " ind2=" " tag="310"><subfield code="a">Weekly</subfield></datafield><datafield ind1="0" ind2=" " tag="362"><subfield code="a">Vol. 1, no. 1 (Jan. 23, 1909)-v. 8, no. 51 (Jan. 13, 1917).</subfield></datafield><datafield ind1=" " ind2=" " tag="530"><subfield code="a">Also on microfilm: El Paso, Tex. : Southwest Micropublishing, Inc.</subfield></datafield><datafield ind1=" " ind2="4" tag="651"><subfield code="a">Tularosa (N.M.)</subfield><subfield code="v">Newspapers.</subfield></datafield><datafield ind1=" " ind2="4" tag="651"><subfield code="a">Otero County (N.M.)</subfield><subfield code="v">Newspapers.</subfield></datafield><datafield ind1=" " ind2=" " tag="752"><subfield code="a">United States</subfield><subfield code="b">New Mexico</subfield><subfield code="c">Otero</subfield><subfield code="d">Tularosa.</subfield></datafield><datafield ind1="0" ind2="0" tag="785"><subfield code="t">Valley tribune (Tularosa, N.M.)</subfield><subfield code="w">(DLC)sn 92070570</subfield></datafield></record>